
<record>
  <controlfield tag="001">1113139</controlfield>
  <datafield tag="024" ind1="7" ind2=" ">
    <subfield code="a">10.1142/9789814307529_0108</subfield>
    <subfield code="2">DOI</subfield>
  </datafield>
  <datafield tag="035" ind1=" " ind2=" ">
    <subfield code="a">Avati:2009zz</subfield>
    <subfield code="9">SPIRESTeX</subfield>
  </datafield>
  <datafield tag="035" ind1=" " ind2=" ">
    <subfield code="9">DESY</subfield>
    <subfield code="z">DA19-kp38m</subfield>
  </datafield>
  <datafield tag="245" ind1=" " ind2=" ">
    <subfield code="a">Offline software for the TOTEM experiment at the LHC</subfield>
  </datafield>
</record>