
<record>
  <controlfield tag="001">874159</controlfield>
  <datafield tag="035" ind1=" " ind2=" ">
    <subfield code="a">Ferro:2009zz</subfield>
    <subfield code="9">SPIRESTeX</subfield>
  </datafield>
  <datafield tag="245" ind1=" " ind2=" ">
    <subfield code="a">TOTEM early measurements</subfield>
  </datafield>
</record>

</collection>